@TECHREPORT{sti06,
   AUTHOR="Stiefelhagen, P.",
   TITLE="Behandlungspfade in der Viszeralmedizin",
   INSTITUTION="DRK Klinikum Westerwald, Krankenhaus Hachenburg",
   TYPE="Publikation",
   MONTH=nov,
   YEAR=2006
}