@book{rothammel1991antennenbuch,
  title={Antennenbuch},
  author={Rothammel, K. and Krischke, A.},
  isbn={9783440058534},
  url={https://books.google.de/books?id=OtWLAAAACAAJ},
  year={1991},
  publisher={Franckh}
} 

@book{kark2006antennen,
  title={Antennen und Strahlungsfelder: Elektromagnetische Wellen auf Leitungen, im Freiraum und ihre Abstrahlung},
  author={Kark, K.},
  isbn={9783834802163},
  series={Aus dem Programm Informationstechnik},
  url={https://books.google.de/books?id=K9YKhe-lXNIC},
  year={2006},
  publisher={Vieweg}
}

@book{Harrington-TimeHarmonic,
  added-at = {2014-01-14T05:20:35.000+0100},
  author = {Harrington, Roger F.},
  biburl = {http://www.bibsonomy.org/bibtex/2effb0911b193ff4517d828c7fa99ebad/antmw},
  doi = {10.1109/9780470546710},
  interhash = {c080e72cb82db08f3a7650af59425266},
  intrahash = {effb0911b193ff4517d828c7fa99ebad},
  isbn = {9780470546710},
  keywords = {Electromagnetics Textbook},
  publisher = {IEEE-Press},
  timestamp = {2014-03-22T17:05:02.000+0100},
  title = {Time-Harmonic Electromagnetic Fields},
  url = {http://dx.doi.org/10.1109/9780470546710},
  year = 2001
}

@book{elliott1981antenna,
  title={Antenna theory and design},
  author={Elliott, R.S.},
  isbn={9780130383563},
  lccn={80023148},
  url={https://books.google.ch/books?id=AnYeAQAAIAAJ},
  year={1981},
  publisher={Prentice-Hall International}
}

@TECHREPORT{Emant,
	AUTHOR="Marcel Joss",
	TITLE="Elektromagnetische Wellen und Antennen",
	INSTITUTION="HSLU",
	TYPE="Diskussionspapier",
	NUMBER=1,
	MONTH=Februar,
	YEAR=2015
}

@TECHREPORT{Tekom,
	AUTHOR="Marcel Joss",
	TITLE="Einführung in die Nachrichtentechnik",
	INSTITUTION="HSLU",
	TYPE="Skript",
	NUMBER=1,
	MONTH=September,
	YEAR=2013
}


@book{meinke1992taschenbuch,
  title={Taschenbuch der Hochfrequenztechnik: Band 1: Grundlagen},
  author={Meinke, H.H. and Lange, K. and Gundlach, F.W. and L{\"o}cherer, K.H.},
  isbn={9783540547143},
  series={Taschenbuch der Hochfrequenztechnik / Meinke; Gundlach. Hrsg. von K. Lange},
  url={https://books.google.ch/books?id=vvpNiEjZKwsC},
  year={1992},
  publisher={Springer}
}
%%%%%%%%%%%%%%%%%
%Internetseiten

@Misc{linkbudget,
title = {mescont },
note = {Eingesehen am 20.11.2015},
url = {http://www.meconet.de},
}

%%%%%%%%
%Datenblätter
@MANUAL{CC2541,
title = {2.4-GHz Bluetooth low energy and Proprietary System-on-Chip},
organization = {Texas Instrumetns },
year = {2015},
timestamp = {2015.11.20},
url = {http://www.ti.com/product/cc2541},

}