@book{Harrington-TimeHarmonic,
  added-at = {2014-01-14T05:20:35.000+0100},
  author = {Harrington, Roger F.},
  biburl = {http://www.bibsonomy.org/bibtex/2effb0911b193ff4517d828c7fa99ebad/antmw},
  doi = {10.1109/9780470546710},
  interhash = {c080e72cb82db08f3a7650af59425266},
  intrahash = {effb0911b193ff4517d828c7fa99ebad},
  isbn = {9780470546710},
  keywords = {Electromagnetics Textbook},
  publisher = {IEEE-Press},
  timestamp = {2014-03-22T17:05:02.000+0100},
  title = {Time-Harmonic Electromagnetic Fields},
  url = {http://dx.doi.org/10.1109/9780470546710},
  year = 2001
}



@book{elliott1981antenna,
  title={Antenna theory and design},
  author={Elliott, R.S.},
  isbn={9780130383563},
  lccn={80023148},
  url={https://books.google.ch/books?id=AnYeAQAAIAAJ},
  year={1981},
  publisher={Prentice-Hall International}
}

@TECHREPORT{Emant,
	AUTHOR="Marcel Joss",
	TITLE="Elektromagnetische Wellen und Antennen",
	INSTITUTION="HSLU",
	TYPE="Diskussionspapier",
	NUMBER=179,
	MONTH=dec,
	YEAR=1992
}