@article{kahneman,
author = "Daniel Kahneman and Amos Tversky",
title = "Prospect Theory: An Analysis of Decision under Risk",
publisher = "Econometrica",
volume = "47(2)",
year = 1979
}