
@book{meinke1992taschenbuch,
  title={Taschenbuch Der Hochfrequenztechnik: Band 2: Komponenten},
  author={Meinke, H.H. and Lange, K. and Gundlach, F.W. and L{\"o}cherer, K.H.},
  isbn={9783540547150},
  series={Taschenbuch der Hochfrequenztechnik / Meinke; Gundlach. Hrsg. von K. Lange},
  url={https://books.google.ch/books?id=nKeezOUHURUC},
  year={1992},
  publisher={Springer Berlin Heidelberg}
}

@book{kark2006antennen,
  title={Antennen und Strahlungsfelder: Elektromagnetische Wellen auf Leitungen, im Freiraum und ihre Abstrahlung},
  author={Kark, K.},
  isbn={9783834802163},
  series={Aus dem Programm Informationstechnik},
  url={https://books.google.de/books?id=K9YKhe-lXNIC},
  year={2006},
  publisher={Vieweg}
}

@book{gustrau2011hochfrequenztechnik,
  title={Hochfrequenztechnik: Grundlagen der mobilen Kommunikationstechnik ; mit 54 Beispielen und 39 {\"U}bungsaufgaben},
  author={Gustrau, F.},
  isbn={9783446425880},
  url={https://books.google.ch/books?id=rPT9ZwEACAAJ},
  year={2011},
  publisher={Fachbuchverl. Leipzig im Carl-Hanser-Verlag}
}

@book{elliott2003antenna,
  title={Antenna Theory \& Design},
  author={Elliott, R.S.},
  isbn={9780471449966},
  lccn={2003277255},
  series={IEEE Press Series on Electromagnetic Wave Theory},
  url={https://books.google.ch/books?id=2J-\_QgAACAAJ},
  year={2003},
  publisher={Wiley}
}

@book{harrington1961time,
  title={Time-harmonic electromagnetic fields},
  author={Harrington, R.F.},
  lccn={60014221},
  series={McGraw-Hill electrical and electronic engineering series},
  url={https://books.google.de/books?id=FtpPAAAAMAAJ},
  year={1961},
  publisher={McGraw-Hill}
}

@booklet{emant,
author	= {Joss M.},
title = {Elektromagnetische Felder und Antennen; Vorlesungsskript EMANT Fr√ºhling 2015},
}